
@misc{XaaS,
	author = "Cloud Market",
	title = "IaaS, PaaS e SaaS, descubra agora tudo sobre os 3 modelos de Nuvem",
	month = "Março",
	year = "2016,
	url = "http://www.cloudmarket.com.br/blog/cloud-computing/iaas-paas-e-saas-descubra-agora-tudo-sobre-os-3-modelos-de-nuvem/",
	note= {\url{http://www.cloudmarket.com.br/blog/cloud-computing/iaas-paas-e-saas-descubra-agora-tudo-sobre-os-3-modelos-de-nuvem/}, acessado em Março de 2016}
	}

@book{twoscoopes,
	author    = "Daniel Greenfeld and Audrey Roy",
	title     = "Two Scoops of Django: Best Practices for Django 1.8",
	year      = "2015",
}

@article{friendsalg,
	author = "Huchra, J. P. e Geller, M., J.",
	title ="Groups of Galaxies Nearby groups.",
	journal = "The astrophysical",
	year = "1982"
}