@misc{xaas,
	author = "Cloud Market",
	title = "IaaS, PaaS e SaaS, descubra agora tudo sobre os 3 modelos de Nuvem",
	month = "Setembro",
	year = "2014",
	note = {\url{http://www.cloudmarket.com.br/blog/cloud-computing/iaas-paas-e-saas-descubra-agora-tudo-sobre-os-3-modelos-de-nuvem/}, acessado em Março de 2016}
}
	
@misc{awsedu,
	author = "Amazon Web Services",
	title = "AWS Educate",
	year = "2016",
	note = {\url{https://aws.amazon.com/pt/education/awseducate/}, acessado em Março de 2016}
}

@misc{puppetaws,
	author = "Puppet Labs",
	title = "Amazon Web Services | Puppet Labs",
	year = "2016",
	note = {https://puppetlabs.com/solutions/aws}, acessado em Março de 2016}
}

@misc{awscf,
	author = "Amazon Web Services",
	title = "AWS Cloud Formation",
	year = "2016",
	note = {\url{https://aws.amazon.com/pt/cloudformation/}, acessado em Março de 2016}
}